% Encoding: windows-1251

@Article{rabiner1986introduction,
  author    = {Rabiner, Lawrence and Juang, B},
  title     = {An introduction to hidden Markov models},
  journal   = {ieee assp magazine},
  year      = {1986},
  volume    = {3},
  number    = {1},
  pages     = {4--16},
  publisher = {IEEE},
}

@Article{rabiner1989tutorial,
  author    = {Rabiner, Lawrence R},
  title     = {A tutorial on hidden Markov models and selected applications in speech recognition},
  journal   = {Proceedings of the IEEE},
  year      = {1989},
  volume    = {77},
  number    = {2},
  pages     = {257--286},
  publisher = {Ieee},
}

@Article{juang1985mixture,
  author    = {Juang, Biing-Hwang and Rabiner, Lawrence},
  title     = {Mixture autoregressive hidden Markov models for speech signals},
  journal   = {IEEE Transactions on Acoustics, Speech, and Signal Processing},
  year      = {1985},
  volume    = {33},
  number    = {6},
  pages     = {1404--1413},
  publisher = {IEEE},
}

@Book{hamilton1994time,
  title     = {Time series analysis},
  publisher = {Princeton university press Princeton},
  year      = {1994},
  author    = {Hamilton, James Douglas},
  volume    = {2},
  comment   = {example in background section},
}

@Article{kim1998testing,
  author    = {Kim, Chang-Jin and Nelson, Charles R and Startz, Richard},
  title     = {Testing for mean reversion in heteroskedastic data based on Gibbs-sampling-augmented randomization},
  journal   = {Journal of Empirical finance},
  year      = {1998},
  volume    = {5},
  number    = {2},
  pages     = {131--154},
  comment   = {example in background section},
  publisher = {Elsevier},
}

@Article{hamilton2005regime,
  author = {Hamilton, James D},
  title  = {Regime-Switching Models},
  year   = {2005},
}

@Article{perlin2015ms_regress,
  author = {Perlin, Marcelo},
  title  = {MS\_Regress-the MATLAB package for Markov regime switching models},
  year   = {2015},
}

@Article{kim1999state,
  author    = {Kim, Chang-Jin and Nelson, Charles R and others},
  title     = {State-space models with regime switching: classical and Gibbs-sampling approaches with applications},
  journal   = {MIT Press Books},
  year      = {1999},
  volume    = {1},
  publisher = {The MIT press},
}

@Article{hamilton1990analysis,
  author    = {Hamilton, James D},
  title     = {Analysis of time series subject to changes in regime},
  journal   = {Journal of econometrics},
  year      = {1990},
  volume    = {45},
  number    = {1-2},
  pages     = {39--70},
  publisher = {Elsevier},
}

@Article{kim1994dynamic,
  author    = {Kim, Chang-Jin},
  title     = {Dynamic linear models with Markov-switching},
  journal   = {Journal of Econometrics},
  year      = {1994},
  volume    = {60},
  number    = {1-2},
  pages     = {1--22},
  publisher = {Elsevier},
}

@Article{dempster1977maximum,
  author    = {Dempster, Arthur P and Laird, Nan M and Rubin, Donald B},
  title     = {Maximum likelihood from incomplete data via the EM algorithm},
  journal   = {Journal of the royal statistical society. Series B (methodological)},
  year      = {1977},
  pages     = {1--38},
  publisher = {JSTOR},
}

@Article{hamilton1989new,
  author    = {Hamilton, James D},
  title     = {A new approach to the economic analysis of nonstationary time series and the business cycle},
  journal   = {Econometrica: Journal of the Econometric Society},
  year      = {1989},
  pages     = {357--384},
  publisher = {JSTOR},
}

@Article{gill2004your,
  author    = {Gill, Jeff and King, Gary},
  title     = {What to do when your hessian is not invertible: Alternatives to model respecification in nonlinear estimation},
  journal   = {Sociological methods \& research},
  year      = {2004},
  volume    = {33},
  number    = {1},
  pages     = {54--87},
  publisher = {Sage Publications Sage CA: Thousand Oaks, CA},
}

@Comment{jabref-meta: databaseType:bibtex;}
