% Encoding: windows-1251

@Article{matteson2014nonparametric,
  author    = {Matteson, David S and James, Nicholas A},
  title     = {A nonparametric approach for multiple change point analysis of multivariate data},
  journal   = {Journal of the American Statistical Association},
  year      = {2014},
  volume    = {109},
  number    = {505},
  pages     = {334--345},
  publisher = {Taylor \& Francis},
}

@Article{james2013ecp,
  author  = {James, Nicholas A and Matteson, David S},
  title   = {ecp: An R package for nonparametric multiple change point analysis of multivariate data},
  journal = {arXiv preprint arXiv:1309.3295},
  year    = {2013},
}

@book{basseville1993detection,
	title={Detection of abrupt changes: theory and application},
	author={Basseville, Mich{\`e}le and Nikiforov, Igor V and others},
	volume={104},
	year={1993},
	publisher={Prentice Hall Englewood Cliffs}
}

@Article{reeves2007review,
  author  = {Reeves, Jaxk and Chen, Jien and Wang, Xiaolan L and Lund, Robert and Lu, Qi Qi},
  title   = {A review and comparison of changepoint detection techniques for climate data},
  journal = {Journal of Applied Meteorology and Climatology},
  year    = {2007},
  volume  = {46},
  number  = {6},
  pages   = {900--915},
  comment = {example in background section},
}

@Article{beaulieu2012change,
  author    = {Beaulieu, Claudie and Chen, Jie and Sarmiento, Jorge L},
  title     = {Change-point analysis as a tool to detect abrupt climate variations},
  journal   = {Philosophical Transactions of the Royal Society of London A: Mathematical, Physical and Engineering Sciences},
  year      = {2012},
  volume    = {370},
  number    = {1962},
  pages     = {1228--1249},
  comment   = {example in background section},
  publisher = {The Royal Society},
}

@Article{staudacher2005new,
  author    = {Staudacher, M and Telser, S and Amann, A and Hinterhuber, H and Ritsch-Marte, M},
  title     = {A new method for change-point detection developed for on-line analysis of the heart beat variability during sleep},
  journal   = {Physica A: Statistical Mechanics and its Applications},
  year      = {2005},
  volume    = {349},
  number    = {3},
  pages     = {582--596},
  comment   = {example in background section},
  publisher = {Elsevier},
}

@article{aminikhanghahi2016survey,
	title={A survey of methods for time series change point detection},
	author={Aminikhanghahi, Samaneh and Cook, Diane J},
	journal={Knowledge and Information Systems},
	pages={1--29},
	year={2016},
	publisher={Springer}
}

@Article{page1954continuous,
  author    = {Page, ES},
  title     = {Continuous inspection schemes},
  journal   = {Biometrika},
  year      = {1954},
  volume    = {41},
  number    = {1/2},
  pages     = {100--115},
  comment   = {example in background section},
  publisher = {JSTOR},
}

@Article{bolton2002statistical,
  author    = {Bolton, Richard J and Hand, David J},
  title     = {Statistical fraud detection: A review},
  journal   = {Statistical science},
  year      = {2002},
  pages     = {235--249},
  comment   = {example in background section},
  publisher = {JSTOR},
}

@InProceedings{gu2013fast,
  author       = {Gu, William and Choi, Jaesik and Gu, Ming and Simon, Horst and Wu, Kesheng},
  title        = {Fast Change Point Detection for electricity market analysis},
  booktitle    = {Big Data, 2013 IEEE International Conference on},
  year         = {2013},
  pages        = {50--57},
  organization = {IEEE},
  comment      = {example in background section},
}

@Article{hawkins2010nonparametric,
  author    = {Hawkins, Douglas M and Deng, Qiqi},
  title     = {A nonparametric change-point control chart},
  journal   = {Journal of Quality Technology},
  year      = {2010},
  volume    = {42},
  number    = {2},
  pages     = {165},
  comment   = {example in background section},
  publisher = {American Society for Quality},
}

@Article{sharkey2014nonparametric,
  author  = {Sharkey, Paul and Killick, Rebecca},
  title   = {Nonparametric methods for online changepoint detection},
  journal = {Ёлектронный ресурс.--[–ежим доступа]: http://www. lancaster. ac. uk/pg/sharkeyp/PaulRT2. pdf--23 p. Reference},
  year    = {2014},
  volume  = {1},
  pages   = {3},
}

@Article{luong2012hidden,
  author  = {Luong, The Minh and Perduca, Vittorio and Nuel, Gregory},
  title   = {Hidden Markov Model Applications in Change-Point Analysis},
  journal = {arXiv preprint arXiv:1212.1778},
  year    = {2012},
}

@Article{rabiner1986introduction,
  author    = {Rabiner, Lawrence and Juang, B},
  title     = {An introduction to hidden Markov models},
  journal   = {ieee assp magazine},
  year      = {1986},
  volume    = {3},
  number    = {1},
  pages     = {4--16},
  publisher = {IEEE},
}

@Article{ghahramani2001introduction,
  author    = {Ghahramani, Zoubin},
  title     = {An introduction to hidden Markov models and Bayesian networks},
  journal   = {International journal of pattern recognition and artificial intelligence},
  year      = {2001},
  volume    = {15},
  number    = {01},
  pages     = {9--42},
  publisher = {World Scientific},
}

@Article{srivastava2008credit,
  author    = {Srivastava, Abhinav and Kundu, Amlan and Sural, Shamik and Majumdar, Arun},
  title     = {Credit card fraud detection using hidden Markov model},
  journal   = {IEEE Transactions on dependable and secure computing},
  year      = {2008},
  volume    = {5},
  number    = {1},
  pages     = {37--48},
  publisher = {IEEE},
}

@Article{rabiner1989tutorial,
  author    = {Rabiner, Lawrence R},
  title     = {A tutorial on hidden Markov models and selected applications in speech recognition},
  journal   = {Proceedings of the IEEE},
  year      = {1989},
  volume    = {77},
  number    = {2},
  pages     = {257--286},
  publisher = {Ieee},
}

@Article{shannon2009formulation,
  author    = {Shannon, Matt and Byrne, William},
  title     = {A formulation of the autoregressive HMM for speech synthesis},
  year      = {2009},
  publisher = {Department of Engineering, University of Cambridge},
}

@Article{juang1985mixture,
  author    = {Juang, Biing-Hwang and Rabiner, Lawrence},
  title     = {Mixture autoregressive hidden Markov models for speech signals},
  journal   = {IEEE Transactions on Acoustics, Speech, and Signal Processing},
  year      = {1985},
  volume    = {33},
  number    = {6},
  pages     = {1404--1413},
  publisher = {IEEE},
}

@Article{ailliot2012markov,
  author    = {Ailliot, Pierre and Monbet, Val{\'e}rie},
  title     = {Markov-switching autoregressive models for wind time series},
  journal   = {Environmental Modelling \& Software},
  year      = {2012},
  volume    = {30},
  pages     = {92--101},
  publisher = {Elsevier},
}

@Book{hamilton1994time,
  title     = {Time series analysis},
  publisher = {Princeton university press Princeton},
  year      = {1994},
  author    = {Hamilton, James Douglas},
  volume    = {2},
  comment   = {example in background section},
}

@Article{kim1998testing,
  author    = {Kim, Chang-Jin and Nelson, Charles R and Startz, Richard},
  title     = {Testing for mean reversion in heteroskedastic data based on Gibbs-sampling-augmented randomization},
  journal   = {Journal of Empirical finance},
  year      = {1998},
  volume    = {5},
  number    = {2},
  pages     = {131--154},
  comment   = {example in background section},
  publisher = {Elsevier},
}

@Article{stanke2003gene,
  author    = {Stanke, Mario and Waack, Stephan},
  title     = {Gene prediction with a hidden Markov model and a new intron submodel},
  journal   = {Bioinformatics},
  year      = {2003},
  volume    = {19},
  number    = {suppl 2},
  pages     = {ii215--ii225},
  comment   = {example in background section},
  publisher = {Oxford Univ Press},
}

@TechReport{weskamp2010change,
  author      = {Weskamp, Paul and Hochstotter, Markus},
  title       = {Change Point Analysis and Regime Switching Models},
  institution = {Working paper. https://statistik. econ. kit. edu/download/Change\_Point\_Analysis. pdf},
  year        = {2010},
}

@Article{hamilton2005regime,
  author = {Hamilton, James D},
  title  = {Regime-Switching Models},
  year   = {2005},
}

@Article{perlin2015ms_regress,
  author = {Perlin, Marcelo},
  title  = {MS\_Regress-the MATLAB package for Markov regime switching models},
  year   = {2015},
}

@Book{cryer1986time,
  title     = {Time series analysis},
  publisher = {Springer},
  year      = {1986},
  author    = {Cryer, Jonathan D and Kellet, Natalie},
  volume    = {101},
}

@Article{janczura2012efficient,
  author    = {Janczura, Joanna and Weron, Rafa{\l}},
  title     = {Efficient estimation of Markov regime-switching models: An application to electricity spot prices},
  journal   = {AStA Advances in Statistical Analysis},
  year      = {2012},
  volume    = {96},
  number    = {3},
  pages     = {385--407},
  publisher = {Springer},
}

@Article{kim1999state,
  author    = {Kim, Chang-Jin and Nelson, Charles R and others},
  title     = {State-space models with regime switching: classical and Gibbs-sampling approaches with applications},
  journal   = {MIT Press Books},
  year      = {1999},
  volume    = {1},
  publisher = {The MIT press},
}

@Article{juang1990segmental,
  author    = {Juang, B-H and Rabiner, Lawrence R},
  title     = {The segmental K-means algorithm for estimating parameters of hidden Markov models},
  journal   = {IEEE Transactions on Acoustics, Speech, and Signal Processing},
  year      = {1990},
  volume    = {38},
  number    = {9},
  pages     = {1639--1641},
  publisher = {IEEE},
}

@Article{hamilton1990analysis,
  author    = {Hamilton, James D},
  title     = {Analysis of time series subject to changes in regime},
  journal   = {Journal of econometrics},
  year      = {1990},
  volume    = {45},
  number    = {1-2},
  pages     = {39--70},
  publisher = {Elsevier},
}

@Article{kim1994dynamic,
  author    = {Kim, Chang-Jin},
  title     = {Dynamic linear models with Markov-switching},
  journal   = {Journal of Econometrics},
  year      = {1994},
  volume    = {60},
  number    = {1-2},
  pages     = {1--22},
  publisher = {Elsevier},
}

@Article{dempster1977maximum,
  author    = {Dempster, Arthur P and Laird, Nan M and Rubin, Donald B},
  title     = {Maximum likelihood from incomplete data via the EM algorithm},
  journal   = {Journal of the royal statistical society. Series B (methodological)},
  year      = {1977},
  pages     = {1--38},
  publisher = {JSTOR},
}

@Article{hamilton1989new,
  author    = {Hamilton, James D},
  title     = {A new approach to the economic analysis of nonstationary time series and the business cycle},
  journal   = {Econometrica: Journal of the Econometric Society},
  year      = {1989},
  pages     = {357--384},
  publisher = {JSTOR},
}

@Manual{mswm,
  title  = {{MSwM}: Fitting Markov Switching Models},
  author = {Josep A. Sanchez-Espigares, Alberto Lopez-Moreno},
  year   = {2014},
  note   = {R package version 1.2},
  url    = {http://CRAN.R-project.org/package=MSwM},
}

@Article{gill2004your,
  author    = {Gill, Jeff and King, Gary},
  title     = {What to do when your hessian is not invertible: Alternatives to model respecification in nonlinear estimation},
  journal   = {Sociological methods \& research},
  year      = {2004},
  volume    = {33},
  number    = {1},
  pages     = {54--87},
  publisher = {Sage Publications Sage CA: Thousand Oaks, CA},
}

@Book{dahlman20134g,
  title     = {4G: LTE/LTE-advanced for mobile broadband},
  publisher = {Academic press},
  year      = {2013},
  author    = {Dahlman, Erik and Parkvall, Stefan and Skold, Johan},
}

@Article{schwarz1978estimating,
  author    = {Schwarz, Gideon and others},
  title     = {Estimating the dimension of a model},
  journal   = {The annals of statistics},
  year      = {1978},
  volume    = {6},
  number    = {2},
  pages     = {461--464},
  publisher = {Institute of Mathematical Statistics},
}

@Book{grimmett2001probability,
  title     = {Probability and random processes},
  publisher = {Oxford university press},
  year      = {2001},
  author    = {Grimmett, Geoffrey and Stirzaker, David},
}

@Book{manning2008introduction,
  title     = {Introduction to information retrieval},
  publisher = {Cambridge university press Cambridge},
  year      = {2008},
  author    = {Manning, Christopher D and Raghavan, Prabhakar and Sch{\"u}tze, Hinrich and others},
  volume    = {1},
  number    = {1},
}

@Article{ryden2008versus,
  author    = {Ryd{\'e}n, Tobias and others},
  title     = {EM versus Markov chain Monte Carlo for estimation of hidden Markov models: A computational perspective},
  journal   = {Bayesian Analysis},
  year      = {2008},
  volume    = {3},
  number    = {4},
  pages     = {659--688},
  publisher = {International Society for Bayesian Analysis},
}

@Comment{jabref-meta: databaseType:bibtex;}
