% This file was created with JabRef 2.7b.
% Encoding: Cp1252

@ARTICLE{Vora05,
  author = {K.D. Vora and B.Y. Shew and E.C. Harvey and J.P. Hayes and A.G. Peele},
  title = {{Specification of mechanical support structures to prevent SU-8 stiction
	in high aspect ratio structures}},
  journal = {J. Micromech. Microeng.},
  year = {2005},
  volume = {15},
  pages = {978\,-\,983},
  doi = {10.1088/0960-1317/15/5/012},
  file = {SU-8-Aspektverhaeltnis-jmm2005.pdf:Photolacke\\SU-8-Aspektverhaeltnis-jmm2005.pdf:PDF},
  url = {http://dx.doi.org/10.1088/0960-1317/15/5/012}
}

@CONFERENCE{Vult07,
  author = {P. Vulto and G. Igel and G.A. Urban},
  title = {Full wafer fabrication process for microfluidic glass chips with
	electroplated electrodes},
  booktitle = {Solid-State Sensors, Actuators and Microsystems Conference, 2007.
	TRANSDUCERS 2007.},
  year = {2007},
  pages = {117\,-\,120},
  doi = {10.1109/SENSOR.2007.4300085},
  file = {:Photolacke\\Vult07.pdf:PDF},
  journal = {Solid-State Sensors, Actuators and Microsystems Conference, 2007.
	TRANSDUCERS 2007.},
  url = {http://ieeexplore.ieee.org/xpls/abs\_all.jsp?arnumber=4300085}
}

@INPROCEEDINGS{Vult06-2,
  author = {P. Vulto and C. Klaunick and G. Igel and G. Urban},
  title = {{tmRNA} purification by electrophoretic filtration for genomic identification
	of bacteria on-a-chip},
  booktitle = {Proceedings of \textmu{}TAS 2006},
  year = {2006},
  volume = {2},
  pages = {377\,-\,379},
  file = {:Photolacke\\tmRNA purification - MicroTAS2006.pdf:PDF}
}

@ARTICLE{Wang06,
  author = {C. Wang and X. He},
  title = {Polypropylene surface modification model in atmospheric pressure
	dielectric barrier discharge},
  journal = {Surface \& Coatings Technology},
  year = {2006},
  volume = {201},
  pages = {3377\,-\,3384},
  number = {6},
  doi = {10.1016/j.surfcoat.2006.07.205},
  file = {:DBD\\Wang-PP-Contact-Angle-2006.pdf:PDF},
  publisher = {Elsevier},
  url = {http://dx.doi.org/10.1016/j.surfcoat.2006.07.205}
}

@CONFERENCE{Wash05,
  author = {Y. Washio and others},
  title = {Multilayer ultra thick resist development for {MEMS}},
  booktitle = {Proceedings of SPIE},
  year = {2005},
  volume = {5753},
  pages = {959},
  doi = {10.1117/12.600227},
  url = {http://dx.doi.org/10.1117/12.600227}
}

@ARTICLE{Xu07,
  author = {X. Xu and L. Li and S. Wang and L. Zhao and T. Ye},
  title = {Deposition of $\mathrm{SiO_x}$ films with a capacitively-coupled
	plasma at atmospheric pressure},
  journal = {Plasma Sources Sci. Technol.},
  year = {2007},
  volume = {16},
  pages = {372\,-\,376},
  number = {2},
  doi = {10.1088/0963-0252/16/2/021},
  file = {:DBD\\Xu-SiOx-DBD-2007.pdf:PDF},
  publisher = {Bristol, UK: IOP Pub.; Woodbury, NY: American Institute of Physics,
	c1991-},
  url = {http://dx.doi.org/10.1088/0963-0252/16/2/021}
}

@ARTICLE{Yama1996,
  author = {K. Yamada and T. Haraguchi and T. Kajiyama},
  title = {Plasma-graft polymerization of vinyl monomers with reactive groups
	onto a surface of poly (p-phenylene terephthalamide) fiber},
  journal = {J. Appl. Polym. Sci.},
  year = {1996},
  volume = {60},
  pages = {1847\,-\,1853},
  number = {11},
  doi = {10.1002/(SICI)1097-4628(19960613)60:11<1847::AID-APP8>3.0.CO;2-L},
  file = {:DBD\\Yamada-epoxy-grafting-1996.pdf:PDF},
  publisher = {Wiley Subscription Services, Inc., A Wiley Company New York},
  url = {\href{http://dx.doi.org/10.1002/(SICI)1097-4628(19960613)60:11<1847::AID-APP8>3.0.CO;2-L}{http://dx.doi.org/10.1002/(SICI)1097-4628(19960613)60:11<1847::AID-APP8>3.0.CO;2-L}}
}

@BOOK{Yasu05,
  title = {Luminous Chemical Vapor Deposition and Interface Engineering},
  publisher = {Marcel Dekker},
  year = {2005},
  editor = {Arthur T. Hubbard},
  author = {Hirotsugu Yasuda},
  volume = {122},
  series = {Surfactant Science Series},
  edition = {1st}
}

@ARTICLE{Yu06,
  author = {L. Yu and others},
  title = {Adhesive bonding with SU-8 at wafer level for microfluidic devices},
  journal = {J. Phys.: Conf. Ser.},
  year = {2006},
  volume = {34},
  pages = {776\,-\,781},
  doi = {10.1088/1742-6596/34/1/128},
  file = {Yu06.pdf:Photolacke\\Yu06.pdf:PDF},
  url = {http://dx.doi.org/10.1088/1742-6596/34/1/128}
}

@BOOK{CRC07,
  title = {CRC Handbook of Chemistry and Physics},
  publisher = {Taylor and Francis},
  year = {2007},
  editor = {David R. Lide},
  pages = {12-114},
  edition = {87th},
  file = {:DBD\\CRC-Work functions-2007.pdf:PDF},
  url = {http:/www.hbcpnetbase.com}
}

